
@misc{frate2017modeling,
      title={Modeling Smooth Backgrounds and Generic Localized Signals with Gaussian Processes},
      author={Meghan Frate and Kyle Cranmer and Saarik Kalia and Alexander Vandenberg-Rodes and Daniel Whiteson},
      year={2017},
      eprint={1709.05681},
      archivePrefix={arXiv},
      primaryClass={physics.data-an}
}
@inproceedings{rasmussen2003gaussian,
  title={Gaussian processes in machine learning},
  author={Rasmussen, Carl Edward},
  booktitle={Summer school on machine learning},
  pages={63--71},
  year={2003},
  organization={Springer}
}

@article{PhysRevLett.33.1406,
  title = {Discovery of a Narrow Resonance in ${e}^{+}{e}^{\ensuremath{-}}$ Annihilation},
  author = {Augustin, J. -E. and Boyarski, A. M. and Breidenbach, M. and Bulos, F. and Dakin, J. T. and Feldman, G. J. and Fischer, G. E. and Fryberger, D. and Hanson, G. and Jean-Marie, B. and Larsen, R. R. and L\"uth, V. and Lynch, H. L. and Lyon, D. and Morehouse, C. C. and Paterson, J. M. and Perl, M. L. and Richter, B. and Rapidis, P. and Schwitters, R. F. and Tanenbaum, W. M. and Vannucci, F. and Abrams, G. S. and Briggs, D. and Chinowsky, W. and Friedberg, C. E. and Goldhaber, G. and Hollebeek, R. J. and Kadyk, J. A. and Lulu, B. and Pierre, F. and Trilling, G. H. and Whitaker, J. S. and Wiss, J. and Zipse, J. E.},
  journal = {Phys. Rev. Lett.},
  volume = {33},
  issue = {23},
  pages = {1406--1408},
  numpages = {0},
  year = {1974},
  month = {Dec},
  publisher = {American Physical Society},
  doi = {10.1103/PhysRevLett.33.1406},
  url = {https://link.aps.org/doi/10.1103/PhysRevLett.33.1406}
}
@article{PhysRevLett.33.1404,
  title = {Experimental Observation of a Heavy Particle $J$},
  author = {Aubert, J. J. and Becker, U. and Biggs, P. J. and Burger, J. and Chen, M. and Everhart, G. and Goldhagen, P. and Leong, J. and McCorriston, T. and Rhoades, T. G. and Rohde, M. and Ting, Samuel C. C. and Wu, Sau Lan and Lee, Y. Y.},
  journal = {Phys. Rev. Lett.},
  volume = {33},
  issue = {23},
  pages = {1404--1406},
  numpages = {0},
  year = {1974},
  month = {Dec},
  publisher = {American Physical Society},
  doi = {10.1103/PhysRevLett.33.1404},
  url = {https://link.aps.org/doi/10.1103/PhysRevLett.33.1404}
}

@article{Herb:1977ek,
    author = "Herb, S. W. and others",
    title = "{Observation of a Dimuon Resonance at 9.5-GeV in 400-GeV Proton-Nucleus Collisions}",
    reportNumber = "FERMILAB-PUB-77-58-EXP, FERMILAB-PUB-77-058-E, PRINT-77-0640 (COLUMBIA)",
    doi = "10.1103/PhysRevLett.39.252",
    journal = "Phys. Rev. Lett.",
    volume = "39",
    pages = "252--255",
    year = "1977"
}


@article{hollik1984composite,
  title={Composite scalars in e+ e-collisions and radiative Z decays},
  author={Hollik, Wolfgang and Schrempp, Fridger and Schrempp, Barbara},
  journal={Physics Letters B},
  volume={140},
  number={5-6},
  pages={424--430},
  year={1984},
  publisher={Elsevier}
}
@article{kwak2017central,
  title={Central limit theorem: the cornerstone of modern statistics},
  author={Kwak, Sang Gyu and Kim, Jong Hae},
  journal={Korean journal of anesthesiology},
  volume={70},
  number={2},
  pages={144},
  year={2017},
  publisher={Korean Society of Anesthesiologists}
}

@misc{choudalakis2011hypothesis,
      title={On hypothesis testing, trials factor, hypertests and the BumpHunter},
      author={Georgios Choudalakis},
      year={2011},
      eprint={1101.0390},
      archivePrefix={arXiv},
      primaryClass={physics.data-an}
}

@article{UA2:1990gao,
    author = "Alitti, J. and others",
    collaboration = "UA2",
    title = "{A Measurement of two jet decays of the $W$ and $Z$ bosons at the CERN $\bar{p} p$ collider}",
    reportNumber = "CERN-PPE-90-105",
    doi = "10.1007/BF01570793",
    journal = "Z. Phys. C",
    volume = "49",
    pages = "17--28",
    year = "1991"
}

@article{1995,
   title={Search for New Particles Decaying to Dijets inpp¯Collisions at s=1.8TeV},
   volume={74},
   ISSN={1079-7114},
   url={http://dx.doi.org/10.1103/PhysRevLett.74.3538},
   DOI={10.1103/physrevlett.74.3538},
   number={18},
   journal={Physical Review Letters},
   publisher={American Physical Society (APS)},
   author={Abe, F. and Albrow, M. G. and Amendolia, S. R. and Amidei, D. and Antos, J. and Anway-Wiese, C. and Apollinari, G. and Areti, H. and Atac, M. and Auchincloss, P. and Azfar, F. and Azzi, P. and Bacchetta, N. and et al.},
   year={1995},
   month={May},
   pages={3538–3543} 
}

@article{b582dc2d9c234174bfe2adbc9729bf42,
title = "Search for new particles decaying to dijets at CDF",
abstract = "We have used 106 pb[Formula presented] of data collected with the Collider Detector at Fermilab to search for new particles decaying to dijets. We exclude at the 95\% confidence level models containing the following new particles: axigluons and flavor universal colorons with a mass between 200 and 980 GeV/[Formula presented], excited quarks with a mass between 80 and 570 GeV/[Formula presented] and between 580 and 760 GeV/[Formula presented], color octet techni-[Formula presented]{\textquoteright}s with a mass between 260 and 480 GeV/[Formula presented], [Formula presented] bosons with a mass between 300 and 420 GeV/[Formula presented], and [Formula presented] diquarks with a mass between 290 and 420 GeV/[Formula presented].",
author = "F. Abe et.al",
   year = "1997",
doi = "10.1103/PhysRevD.55.R5263",
language = "English (US)",
volume = "55",
pages = "R5263--R5268",
journal = "Physical Review D - Particles, Fields, Gravitation and Cosmology",
issn = "1550-7998",
number = "9"
}

@article{ATLAS:2014wsp,
    author = "Aad, Georges and others",
    collaboration = "ATLAS",
    title = "{Search for microscopic black holes and string balls in final states with leptons and jets with the ATLAS detector at sqrt(s) = 8 TeV}",
    eprint = "1405.4254",
    archivePrefix = "arXiv",
    primaryClass = "hep-ex",
    reportNumber = "CERN-PH-EP-2014-072",
    doi = "10.1007/JHEP08(2014)103",
    journal = "JHEP",
    volume = "08",
    pages = "103",
    year = "2014"
}
@article{2009,
   title={Search for new particles decaying into dijets in proton-antiproton collisions ats=1.96 TeV},
   volume={79},
   ISSN={1550-2368},
   url={http://dx.doi.org/10.1103/PhysRevD.79.112002},
   DOI={10.1103/physrevd.79.112002},
   number={11},
   journal={Physical Review D},
   publisher={American Physical Society (APS)},
   author={Aaltonen, T. and Adelman, J. and Akimoto, T. and Álvarez González, B. and Amerio, S. and Amidei, D. and Anastassov, A. and Annovi, A. and Antos, J. and Apollinari, G. and Apresyan, A. and Arisawa, T. and Artikov, A. and et al.},
   year={2009},
   month={Jun} }

@article{PYTHIA,
   title={A brief introduction to PYTHIA 8.1},
   volume={178},
   ISSN={0010-4655},
   url={http://dx.doi.org/10.1016/j.cpc.2008.01.036},
   DOI={10.1016/j.cpc.2008.01.036},
   number={11},
   journal={Computer Physics Communications},
   publisher={Elsevier BV},
   author={Sjöstrand, Torbjörn and Mrenna, Stephen and Skands, Peter},
   year={2008},
   month={Jun},
   pages={852–867} }
   
@article{oleari2010powheg,
  title={The powheg-box},
  author={Oleari, Carlo},
  journal={arXiv preprint arXiv:1007.3893},
  year={2010}
}

@misc{nagynlojet++,
  title={NLOJET++ Home page},
  author={Nagy, Z}
}

@article{Agostinelli:602040,
      author        = "Agostinelli, S et. al",
      title         = "{GEANT4--a simulation toolkikt. GEANT4. A Simulation toolkit}",
      journal       = "Nucl. Instrum. Methods Phys. Res., A",
      collaboration = "GEANT4 Collaboration",
      reportNumber  = "CERN-IT-2002-003, FERMILAB-PUB-03-339, SLAC
PUB-9350, 3",
     volume        = "506",
     pages         = "250-303. 54 p",
     month         = "Jul",
     year          = "2002",
     url           = "https://cds.cern.ch/record/602040",
     doi           = "10.1016/S0168-9002(03)01368-8"
}

@article{2014,
   title={Search for microscopic black holes and string balls in final states with leptons and jets with the ATLAS detector at s $ \sqrt{s} $ = 8 TeV},
   volume={2014},
   ISSN={1029-8479},
   url={http://dx.doi.org/10.1007/JHEP08(2014)103},
   DOI={10.1007/jhep08(2014)103},
   number={8},
   journal={Journal of High Energy Physics},
   publisher={Springer Science and Business Media LLC},
   author={Aad, G. and Abbott, B. and Abdallah, J. and Khalek, S. Abdel and Abdinov, O. and Aben, R. and Abi, B. and Abolins, M. and AbouZeid, O. S. and Abramowicz, H. and Abreu, H. and Abreu, R. and et al.},
   year={2014},
   month={Aug} }

@techreport{ATL-PHYS-PUB-2020-028,
      title         = "{Recommendations for the Modeling of Smooth Backgrounds}",
      institution   = "CERN",
      collaboration = "ATLAS Collaboration",
      address       = "Geneva",
      reportNumber  = "ATL-PHYS-PUB-2020-028",
      month         = "Nov",
      year          = "2020",
      url           = "https://cds.cern.ch/record/2743717",
}


@thesis{Pachal:2063032,
      author        = "Pachal, Katherine",
      title         = "{Search for new physics in the dijet invariant mass
                       spectrum at 8 TeV}",
      month         = "Jan",
      year          = "2015",
      url           = "https://cds.cern.ch/record/2063032",
      note          = "Presented 01 Jun 2015",
}

@inproceedings{anguita2012k,
  title={The ‘K’in K-fold cross validation},
  author={Anguita, Davide and Ghelardoni, Luca and Ghio, Alessandro and Oneto, Luca and Ridella, Sandro},
  booktitle={20th European Symposium on Artificial Neural Networks, Computational Intelligence and Machine Learning (ESANN)},
  pages={441--446},
  year={2012},
  organization={i6doc. com publ}
}

@article{2011,
   title={Asymptotic formulae for likelihood-based tests of new physics},
   volume={71},
   ISSN={1434-6052},
   url={http://dx.doi.org/10.1140/epjc/s10052-011-1554-0},
   DOI={10.1140/epjc/s10052-011-1554-0},
   number={2},
   journal={The European Physical Journal C},
   publisher={Springer Science and Business Media LLC},
   author={Cowan, Glen and Cranmer, Kyle and Gross, Eilam and Vitells, Ofer},
   year={2011},
   month={Feb}
}

@article{Arnison:142059,
      author        = "Arnison, Geoffrey T J and Astbury, Alan and Aubert,
                       Bernard and Bacci, Cesare and Rohlf, J and Bauer, G and
                       Bézaguet, Alain-Arthur and Böck, R K and Bowcock, T J V
                       and Calvetti, M and Carroll, T and Catz, P and Cennini, P
                       and Centro, Sandro and Ceradini, F and Cittolin, Sergio and
                       Cline, D and Cochet, Christian and Colas, Jacques and
                       Corden, M and Dallman, David Peter and De Beer, M and Della
                       Negra, Michel and Demoulin, M and Denegri, Daniel and Di
                       Ciaccio, Anna and DiBitonto, Daryl and Dobrzynski, Ludwik
                       and Dowell, John D and Edwards, M and Eggert, Karsten and
                       Eisenhandler, Eric F and Ellis, Nick and Erhard, P and
                       Faissner, Helmut and Fontaine, G and Frey, R and
                       Frühwirth, R and Garvey, J and Geer, S and Ghesquière, C
                       and Ghez, P and Giboni, K L and Gibson, W R and
                       Giraud-Héraud, Yannick and Givernaud, Alain and Gonidec, A
                       and Grayer, Geoffrey H and Gutíerrez, P and
                       Hansl-Kozanecka, Traudl and Haynes, W J and Hertzberger, L
                       O and Hodges, Christopher L and Hoffmann, D and Hoffmann, H
                       and Holthuizen, D J and Homer, R James and Honma, A K and
                       Jank, Werner and Jorat, Ginette and Kalmus, Peter I P and
                       Karimäki, V and Keeler, Richard K and Kenyon, Ian Richard
                       and Kernan, A and Kinnunen, Ritva and Kowalski, H and
                       Kozanecki, Witold and Kryn, Didier and Lacava, F and
                       Laugier, J P and Lees, J P and Lehmann, H and Leuchs, K and
                       Lévêque, A and Linglin, D and Locci, E and Loret, M and
                       Malosse, J J and Markiewicz, T W and Maurin, Guy and
                       McMahon, T and Mendiburu, J P and Minard, M N and Moricca,
                       M and Muirhead, William Hugh and Müller, F and Nandi, A K
                       and Naumann, Lutz and Norton, Alan Robert and
                       Orkin-Lecourtois, A and Paoluzi, L and Petrucci, Guido and
                       Piano Mortari, G and Pimiä, M and Placci, Alfredo and
                       Radermacher, E and Ransdell, J and Reithler, H and Revol,
                       Jean Pierre Charles and Rich, J and Rijssenbeek, M and
                       Roberts, C and Rossi, P and Rubbia, Carlo and Sadoulet,
                       Bernard and Sajot, G and Salvi, G and Salvini, G and Sass,
                       Jean and Saudraix, Jean and Savoy-Navarro, Aurore and
                       Schinzel, D and Scott, W and Shah, T P and Spiro, Michel
                       and Strauss, J and Sumorok, K and Szoncsó, F and Smith, D
                       and Tao, Charling and Thompson, G and Timmer, J and
                       Tscheslog, E and Tuominiemi, Jorma and van der Meer, S and
                       Vialle, J P and Vrana, J and Vuillemin, V and Wahl, H D and
                       Watkins, P M and Wilson, J and Xie, G Y and Yvert, Michel
                       Jean Paul and Zurfluh, Erwin",
      title         = "{Experimental observation of isolated large transverse
                       energy electrons with associated missing energy at
                       $\sqrt{s} = 540 GeV$}",
      journal       = "Phys. Lett. B",
      collaboration = "Aachen-Annecy-Birmingham-CERN-Helsinki-London(QMC)-Paris(CdF)-Riverside-Rome-Rutherford-Saclay(CEN)-Vienna
                       Collaboration, UA1 Collaboration",
      reportNumber  = "CERN-EP-83-13",
      volume        = "122",
      pages         = "103-116. 31 p",
      month         = "Jan",
      year          = "1983",
      url           = "https://cds.cern.ch/record/142059",
      doi           = "10.5170/CERN-1983-004.123",
}


