@article{CWoLA2019,
   title={Extending the search for new resonances with machine learning},
   volume={99},
   ISSN={2470-0029},
   url={http://dx.doi.org/10.1103/PhysRevD.99.014038},
   DOI={10.1103/physrevd.99.014038},
   number={1},
   journal={Physical Review D},
   publisher={American Physical Society (APS)},
   author={Collins, Jack H. and Howe, Kiel and Nachman, Benjamin},
   year={2019},
   month={Jan} 
}

@article{2020,
   title={The motivation and status of two-body resonance decays after the LHC Run 2 and beyond},
   volume={2020},
   ISSN={1029-8479},
   url={http://dx.doi.org/10.1007/JHEP04(2020)030},
   DOI={10.1007/jhep04(2020)030},
   number={4},
   journal={Journal of High Energy Physics},
   publisher={Springer Science and Business Media LLC},
   author={Kim, Jeong Han and Kong, Kyoungchul and Nachman, Benjamin and Whiteson, Daniel},
   year={2020},
   month={Apr} 
   }

@article{General2019,
   title={A strategy for a general search for new phenomena using data-derived signal regions and its application within the ATLAS experiment},
   volume={79},
   ISSN={1434-6052},
   url={http://dx.doi.org/10.1140/epjc/s10052-019-6540-y},
   DOI={10.1140/epjc/s10052-019-6540-y},
   number={2},
   journal={The European Physical Journal C},
   publisher={Springer Science and Business Media LLC},
   author={Aaboud, M. },
   year={2019},
   month={Feb} }

@article{CWOLA2020,
   title={Dijet Resonance Search with Weak Supervision Using s=13TeV pp
 Collisions in the ATLAS Detector},
   volume={125},
   ISSN={1079-7114},
   url={http://dx.doi.org/10.1103/PhysRevLett.125.131801},
   DOI={10.1103/physrevlett.125.131801},
   number={13},
   journal={Physical Review Letters},
   publisher={American Physical Society (APS)},
   author={Aad, G. et. al. },
   year={2020},
   month={Sep} }


