@article{dilepton2014,
   title={Searching for dilepton resonances below theZmass at the LHC},
   volume={90},
   ISSN={1550-2368},
   url={http://dx.doi.org/10.1103/PhysRevD.90.075016},
   DOI={10.1103/physrevd.90.075016},
   number={7},
   journal={Physical Review D},
   publisher={American Physical Society (APS)},
   author={Hoenig, Isaac and Samach, Gabriel and Tucker-Smith, David},
   year={2014},
   month={Oct}
}

@article{dilepton2017,
   title={Collider probes of axion-like particles},
   volume={2017},
   ISSN={1029-8479},
   url={http://dx.doi.org/10.1007/JHEP12(2017)044},
   DOI={10.1007/jhep12(2017)044},
   number={12},
   journal={Journal of High Energy Physics},
   publisher={Springer Science and Business Media LLC},
   author={Bauer, Martin and Neubert, Matthias and Thamm, Andrea},
   year={2017},
   month={Dec}
}

@techreport{ATL-PHYS-PUB-2014-021,
      title         = "{ATLAS Pythia 8 tunes to 7 TeV data}",
      institution   = "CERN",
      address       = "Geneva",
      reportNumber  = "ATL-PHYS-PUB-2014-021",
      month         = "Nov",
      year          = "2014",
      url           = "https://cds.cern.ch/record/1966419",
      note          = "All figures including auxiliary figures are available at
                       https://atlas.web.cern.ch/Atlas/GROUPS/PHYSICS/PUBNOTES/ATL-PHYS-PUB-2014-021",
}



