//example
@article{Aaboud:2018jqu,
      author         = "{ATLAS Collaboration}",
      title          = "{Measurements of gluon-gluon fusion and vector-boson
                        fusion Higgs boson production cross-sections in the $H \rightarrow WW^{*} \to e\nu\mu\nu$ decay channel in $pp$ collisions
                        at $\sqrt{s}=13$ TeV with the ATLAS detector}",
      collaboration  = "ATLAS",
      journal        = "Phys. Lett.",
      volume         = "B789",
      year           = "2019",
      pages          = "508-529",
      doi            = "10.1016/j.physletb.2018.11.064",
      eprint         = "1808.09054",
      archivePrefix  = "arXiv",
      primaryClass   = "hep-ex",
      reportNumber   = "CERN-EP-2018-212",
      SLACcitation   = "%%CITATION = ARXIV:1808.09054;%%"
}

@article{M33,
author = {Yahalom, Asher},
year = {2019},
month = {05},
pages = {012006},
title = {The Effect of Retardation on Galactic Rotation Curves},
volume = {1239},
journal = {Journal of Physics: Conference Series},
doi = {10.1088/1742-6596/1239/1/012006}
}

@article{BulletCluster,
author = {Popolo, A.},
year = {2013},
month = {05},
pages = {},
title = {Non-Baryonic Dark Matter in Cosmology},
volume = {23},
journal = {International Journal of Modern Physics D},
doi = {10.1142/S0218271814300055}
}

@article{CMB,
author = {Akrami, Yashar and Ghosh, Tuhin and Bock, J. and Crill, B. and Doré, Olivier and Helou, G. and Pearson, Timothy and Rocha, Graca},
year = {2018},
month = {07},
pages = {},
title = {Planck 2018 results. I. Overview and the cosmological legacy of Planck}
}

@article{WIMP,
author = {Kolb, Edward and Turner, Michael},
year = {1983},
month = {02},
pages = {},
title = {The Early Universe},
volume = {-1},
journal = {Front. Phys., Vol. 69,},
doi = {10.1038/294521a0}
}

@article{Dev_2014,
   title={Constraining non-thermal and thermal properties of Dark Matter},
   volume={2},
   ISSN={2296-424X},
   url={http://dx.doi.org/10.3389/fphy.2014.00026},
   DOI={10.3389/fphy.2014.00026},
   journal={Frontiers in Physics},
   publisher={Frontiers Media SA},
   author={Dev, P. S. Bhupal and Mazumdar, Anupam and Qutub, Saleh},
   year={2014},
   month={May}
}
@article{Zwicky,
    author = "Zwicky, F.",
    title = "{On the Masses of Nebulae and of Clusters of Nebulae}",
    doi = "10.1086/143864",
    journal = "Astrophys. J.",
    volume = "86",
    pages = "217--246",
    year = "1937"
}

@ARTICLE{Babcock,
       author = {{Babcock}, Horace W.},
        title = "{The rotation of the Andromeda Nebula}",
      journal = {Lick Observatory Bulletin},
     keywords = {ANDROMEDA GALAXY},
         year = 1939,
        month = jan,
       volume = {498},
        pages = {41-51},
          doi = {10.5479/ADS/bib/1939LicOB.19.41B},
       adsurl = {https://ui.adsabs.harvard.edu/abs/1939LicOB..19...41B},
      adsnote = {Provided by the SAO/NASA Astrophysics Data System}
}

@article{oort,
  title={The structure of the cloud of comets surrounding the Solar System and a hypothesis concerning its origin},
  author={Oort, Jan Hendrik},
  journal={Bulletin of the Astronomical Institutes of the Netherlands},
  volume={11},
  pages={91--110},
  year={1950},
  publisher={North Holland Publishing Company}
}

@article{Hinshaw_2013,
   title={NINE-YEAR
                    WILKINSON MICROWAVE ANISOTROPY PROBE
                    (
                    WMAP
                    ) OBSERVATIONS: COSMOLOGICAL PARAMETER RESULTS},
   volume={208},
   ISSN={1538-4365},
   url={http://dx.doi.org/10.1088/0067-0049/208/2/19},
   DOI={10.1088/0067-0049/208/2/19},
   number={2},
   journal={The Astrophysical Journal Supplement Series},
   publisher={American Astronomical Society},
   author={Hinshaw, G. and Larson, D. and Komatsu, E. and Spergel, D. N. and Bennett, C. L. and Dunkley, J. and Nolta, M. R. and Halpern, M. and Hill, R. S. and Odegard, N. and et al.},
   year={2013},
   month={Sep},
   pages={19}
}

@article{Rubin,
  title={Rotation of the Andromeda nebula from a spectroscopic survey of emission regions},
  author={Rubin, Vera C and Ford Jr, W Kent},
  journal={The Astrophysical Journal},
  volume={159},
  pages={379},
  year={1970}
}

@article{freeman,
  title={On the disks of spiral and S0 galaxies},
  author={Freeman, Kenneth C},
  journal={The Astrophysical Journal},
  volume={160},
  pages={811},
  year={1970}
}

@article{boveia2018dark,
  title={Dark matter searches at colliders},
  author={Boveia, Antonio and Doglioni, Caterina},
  journal={Annual Review of Nuclear and Particle Science},
  volume={68},
  pages={429--459},
  year={2018},
  publisher={Annual Reviews}
}
@article{dodelson1994sterile,
  title={Sterile neutrinos as dark matter},
  author={Dodelson, Scott and Widrow, Lawrence M},
  journal={Physical Review Letters},
  volume={72},
  number={1},
  pages={17},
  year={1994},
  publisher={APS}
}
@article{alekseev2018search,
  title={Search for sterile neutrinos at the DANSS experiment},
  author={Alekseev, I and Belov, V and Brudanin, V and Danilov, M and Egorov, V and Filosofov, D and Fomina, M and Hons, Z and Kazartsev, S and Kobyakin, A and others},
  journal={Physics Letters B},
  volume={787},
  pages={56--63},
  year={2018},
  publisher={Elsevier}
}
@article{an2014search,
  title={Search for a light sterile neutrino at Daya Bay},
  author={An, FP and Balantekin, AB and Band, HR and Beriguete, W and Bishai, M and Blyth, S and Butorov, I and Cao, GF and Cao, J and Chan, YL and others},
  journal={Physical review letters},
  volume={113},
  number={14},
  pages={141802},
  year={2014},
  publisher={APS}
}

@inproceedings{wong2017search,
  title={Search for a Light Sterile Neutrino at Daya Bay},
  author={Wong, Hin Lok Henoch and Daya Bay Collaboration and others},
  booktitle={Journal of Physics: Conference Series},
  volume={888},
  number={1},
  pages={012130},
  year={2017},
  organization={IOP Publishing}
}

@article{aprile2020excess,
  title={Excess electronic recoil events in XENON1T},
  author={Aprile, Elena and Aalbers, Jelle and Agostini, F and Alfonsi, M and Althueser, L and Amaro, FD and Antochi, Vasile C and Angelino, E and Angevaare, JR and Arneodo, F and others},
  journal={Physical Review D},
  volume={102},
  number={7},
  pages={072004},
  year={2020},
  publisher={APS}
}

@article{peccei1977cp,
  title={CP Conservation in the Presence of Instantons},
  author={Peccei, Roberto D and Quinn, Helen R},
  journal={Phys. Rev. Lett},
  volume={38},
  number={1440-1443},
  pages={328},
  year={1977}
}

@article{Bernabei_2008,
   title={The DAMA/LIBRA apparatus},
   volume={592},
   ISSN={0168-9002},
   url={http://dx.doi.org/10.1016/j.nima.2008.04.082},
   DOI={10.1016/j.nima.2008.04.082},
   number={3},
   journal={Nuclear Instruments and Methods in Physics Research Section A: Accelerators, Spectrometers, Detectors and Associated Equipment},
   publisher={Elsevier BV},
   author={Bernabei, R. and Belli, P. and Bussolotti, A. and Cappella, F. and Cerulli, R. and Dai, C.J. and d’ Angelo, A. and He, H.L. and Incicchitti, A. and Kuang, H.H. and et al.},
   year={2008},
   month={Jul},
   pages={297–315}
}

@article{Agnese_2016,
   title={New Results from the Search for Low-Mass Weakly Interacting Massive Particles with the CDMS Low Ionization Threshold Experiment},
   volume={116},
   ISSN={1079-7114},
   url={http://dx.doi.org/10.1103/PhysRevLett.116.071301},
   DOI={10.1103/physrevlett.116.071301},
   number={7},
   journal={Physical Review Letters},
   publisher={American Physical Society (APS)},
   author={Agnese, R. and Anderson, A. J. and Aramaki, T. and Asai, M. and Baker, W. and Balakishiyeva, D. and Barker, D. and Basu Thakur, R. and Bauer, D. A. and Billard, J. and et al.},
   year={2016},
   month={Feb}
}

@article{Angloher_2014,
   title={Results on low mass WIMPs using an upgraded CRESST-II detector},
   volume={74},
   ISSN={1434-6052},
   url={http://dx.doi.org/10.1140/epjc/s10052-014-3184-9},
   DOI={10.1140/epjc/s10052-014-3184-9},
   number={12},
   journal={The European Physical Journal C},
   publisher={Springer Science and Business Media LLC},
   author={Angloher, G. and Bento, A. and Bucci, C. and Canonica, L. and Erb, A. and von Feilitzsch, F. and Iachellini, N. Ferreiro and Gorla, P. and Gütlein, A. and Hauff, D. and et al.},
   year={2014},
   month={Dec}
}

@inproceedings{mckinsey2016lz,
  title={The LZ dark matter experiment},
  author={McKinsey, DN and LZ Collaboration and others},
  booktitle={Journal of Physics: Conference Series},
  volume={718},
  number={4},
  pages={042039},
  year={2016},
  organization={IOP Publishing}
}

@article{albert2017searching,
  title={Searching for dark matter annihilation in recently discovered Milky Way satellites with Fermi-LAT},
  author={Albert, Andrea and Anderson, Brandon and Bechtol, Keith and Drlica-Wagner, Alex and Meyer, Manuel and S{\'a}nchez-Conde, Miguel and Strigari, L and Wood, M and Abbott, TMC and Abdalla, Filipe B and others},
  journal={The Astrophysical Journal},
  volume={834},
  number={2},
  pages={110},
  year={2017},
  publisher={IOP Publishing}
}

@article{aharonian2006hess,
  title={HESS observations of the Galactic Center region and their possible dark matter interpretation},
  author={Aharonian, Felix and Akhperjanian, AG and Bazer-Bachi, AR and Beilicke, M and Benbow, Wystan and Berge, David and Bernl{\"o}hr, K and Boisson, C and Bolz, Oliver and Borrel, V and others},
  journal={Physical Review Letters},
  volume={97},
  number={22},
  pages={221102},
  year={2006},
  publisher={APS}
}

@article{Abdallah:2024101,
      author        = "Abdallah, Jalal and Araujo, Henrique and Arbey, Alexandre
                       and Ashkenazi, Adi and Belyaev, Alexander and Berger,
                       Joshua and Boehm, Celine and Boveia, Antonio and Brennan,
                       Amelia and Brooke, Jim and Buchmueller, Oliver and Buckley,
                       Matthew and Busoni, Giorgio and Calibbi, Lorenzo and
                       Chauhan, Sushil and Daci, Nadir and Davies, Gavin and De
                       Bruyn, Isabelle and de Jong, Paul and De Roeck, Albert and
                       de Vries, Kees and del Re, Daniele and De Simone, Andrea
                       and Di Simone, Andrea and Doglioni, Caterina and Dolan,
                       Matthew and Dreiner, Herbi K. and Ellis, John and Eno,
                       Sarah and Etzion, Erez and Fairbairn, Malcolm and
                       Feldstein, Brian and Flaecher, Henning and Feng, Eric and
                       Fox, Patrick and Genest, Marie-Hélène and Gouskos, Loukas
                       and Gramling, Johanna and Haisch, Ulrich and Harnik, Roni
                       and Hibbs, Anthony and Hoh, Siewyan and Hopkins, Walter and
                       Ippolito, Valerio and Jacques, Thomas and Kahlhoefer, Felix
                       and Khoze, Valentin V. and Kirk, Russell and Korn, Andreas
                       and Kotov, Khristian and Kunori, Shuichi and Landsberg,
                       Greg and Liem, Sebastian and Lin, Tongyan and Lowette,
                       Steven and Lucas, Robyn and Malgeri, Luca and Malik, Sarah
                       and McCabe, Christopher and Mete, Alaettin Serhan and
                       Morgante, Enrico and Mrenna, Stephen and Nakahama, Yu and
                       Newbold, Dave and Nordstrom, Karl and Pani, Priscilla and
                       Papucci, Michele and Pataraia, Sophio and Penning, Bjoern
                       and Pinna, Deborah and Polesello, Giacomo and Racco, Davide
                       and Re, Emanuele and Riotto, Antonio Walter and Rizzo,
                       Thomas and Salek, David and Sarkar, Subir and Schramm,
                       Steven and Skubic, Patrick and Slone, Oren and Smirnov,
                       Juri and Soreq, Yotam and Sumner, Timothy and Tait, Tim
                       M.P. and Thomas, Marc and Tomalin, Ian and Tunnell,
                       Christopher and Vichi, Alessandro and Volansky, Tomer and
                       Weiner, Neal and West, Stephen M. and Wielers, Monika and
                       Worm, Steven and Yavin, Itay and Zaldivar, Bryan and Zhou,
                       Ning and Zurek, Kathryn",
      title         = "{Simplified Models for Dark Matter Searches at the LHC}",
      journal       = "Phys. Dark Universe",
      archivePrefix = "arXiv",
      eprint        = "1506.03116",
      reportNumber  = "FERMILAB-PUB-15-283-CD, CERN-PH-TH-2015-139,
                       CERN-PH-TH-2015-139",
      volume        = "9-10",
      pages         = "8-23. 16 p",
      month         = "Jun",
      year          = "2015",
      url           = "http://cds.cern.ch/record/2024101",
      note          = "v3: Fixed typo in eqns 14 & 15",
      doi           = "10.1016/j.dark.2015.08.001",
}
