@book{plato1961republic,
  title={Republic},
  author={Plato, HG},
  year={1961},
  publisher={Princeton University Press}
}

@article{kant1908critique,
  title={Critique of pure reason. 1781},
  author={Kant, Immanuel},
  journal={Modern Classical Philosophers, Cambridge, MA: Houghton Mifflin},
  pages={370--456},
  year={1908}
}
@InCollection{sep-truth-correspondence,
	author       =	{David, Marian},
	title        =	{{The Correspondence Theory of Truth}},
	booktitle    =	{The {Stanford} Encyclopedia of Philosophy},
	editor       =	{Edward N. Zalta},
	howpublished =	{\url{https://plato.stanford.edu/archives/win2020/entries/truth-correspondence/}},
	year         =	{2020},
	edition      =	{{W}inter 2020},
	publisher    =	{Metaphysics Research Lab, Stanford University}
}

@book{badiou2007being,
  title={Being and event},
  author={Badiou, Alain},
  year={2007},
  publisher={A\&C Black}
} 
@book{kuhn2021structure,
  title={The structure of scientific revolutions},
  author={Kuhn, Thomas},
  year={2021},
  publisher={Princeton University Press}
}
@book{badiou2002ethics,
  title={Ethics: An essay on the understanding of evil},
  author={Badiou, Alain},
  year={2002},
  publisher={Verso}
}
