
@article{QBH2008,
   title={Black holes and quantum gravity at the LHC},
   volume={2008},
   ISSN={1029-8479},
   url={http://dx.doi.org/10.1088/1126-6708/2008/05/003},
   DOI={10.1088/1126-6708/2008/05/003},
   number={05},
   journal={Journal of High Energy Physics},
   publisher={Springer Science and Business Media LLC},
   author={Meade, Patrick and Randall, Lisa},
   year={2008},
   month={May},
   pages={003–003} }

@article{ZStar2008,
   title={Proposal for chiral-boson search at LHC via their unique new signature},
   volume={71},
   ISSN={1562-692X},
   url={http://dx.doi.org/10.1134/S1063778808120107},
   DOI={10.1134/s1063778808120107},
   number={12},
   journal={Physics of Atomic Nuclei},
   publisher={Pleiades Publishing Ltd},
   author={Chizhov, M. V. and Bednyakov, V. A. and Budagov, J. A.},
   year={2008},
   month={Dec},
   pages={2096–2100} }

@techreport{Artoni:2703492,
      author        = "Artoni, Giacomo and Kretzschmar, Jan and Gabrielli, Andrea
                       and Barone, Gaetano and Borecka-Bielska, Hanna Maria and
                       Liu, Yanlin and Chan, Chen-Hsun and Alfonsi, Alice and
                       Kawaguchi, Tomomi and Li, Haifeng and Adamek, Lukas and
                       Bullard, Brendon Aurele and Cerutti, Fabio and Chen, Ye and
                       Horii, Yasuyuki and Krasnopevtsev, Dimitrii and Muskinja,
                       Miha and Verkerke, Wouter and Wang, Alex Zeng and White,
                       Aaron and Wu, Sau Lan and Wu, Yusheng and Yang, Hongtao and
                       Zambito, Stefano and Zgubic, Miha and Zhou, Bing and Zhou,
                       Chen and Marshall, Zach and Calafiura, Paolo and Ju,
                       Xiangyang and Li, Bing and Zhang, Jie and Bortoletto,
                       Daniela and Brenner, Lydia and Schwarz, Thomas Andrew and
                       Shipsey, Ian Peter Joseph and Tomoto, Makoto and Zhang,
                       Dengfeng and Tsiskaridze, Vakhtang and Qi, Yidi and
                       Tsybychev, Dmitri and Mehta, Andrew and Thompson, Paul and
                       Rosati, Stefano and Kano, Yuya and Zhang, Shuzhou and
                       Savard, Pierre",
      title         = "{Search for the Higgs boson decaying to a pair of muons in
                       $pp$ collisions at $\sqrt{s}$ = 13 TeV with the ATLAS
                       detector: Support note with updates on the EPS 2019
                       CONF-note analysis.}",
      institution   = "CERN",
      address       = "Geneva",
      reportNumber  = "ATL-COM-PHYS-2019-1444",
      month         = "Dec",
      year          = "2019",
      url           = "https://cds.cern.ch/record/2703492",
}

