@article{2019,
   title={Search for low-mass resonances decaying into two jets and produced in association with a photon using pp collisions at s=13 TeV with the ATLAS detector},
   volume={795},
   ISSN={0370-2693},
   url={http://dx.doi.org/10.1016/j.physletb.2019.03.067},
   DOI={10.1016/j.physletb.2019.03.067},
   journal={Physics Letters B},
   publisher={Elsevier BV},
   author={Aaboud, M. and Aad, G. and Abbott, B. and Abbott, D.C. and Abdinov, O. and Abed Abud, A. and Abhayasinghe, D.K. and Abidi, S.H. and AbouZeid, O.S. and Abraham, N.L. and et al.},
   year={2019},
   month={Aug},
   pages={56â€“75}
}
