@techreport{ATL-PHYS-PUB-2021-032,
      title         = "{Standard Model Summary Plots June 2021}",
      institution   = "CERN",
      collaboration = "ATLAS Collaboration",
      address       = "Geneva",
      reportNumber  = "ATL-PHYS-PUB-2021-032",
      month         = "Jul",
      year          = "2021",
      url           = "http://cds.cern.ch/record/2777014",
      note          = "All figures including auxiliary figures are available at
                       https://atlas.web.cern.ch/Atlas/GROUPS/PHYSICS/PUBNOTES/ATL-PHYS-PUB-2021-032",
}

@thesis{Antrim:2699575,
      author        = "Antrim, Daniel Joseph",
      title         = "{Sweet Little Nothings; or, Searching for a Pair of Stops,
                       Va Pair of Higgs Bosons, and a Pair of New Small Wheels for
                       the Upgrade of the Forward Muon System of the ATLAS
                       Detector at CERN}",
      year          = "2019",
      url           = "https://cds.cern.ch/record/2699575",
      note          = "Presented 23 Oct 2019",
}

@article{zel1968cosmological,
  title={The cosmological constant and the theory of elementary particles},
  author={Zel'Dovich, Ya B},
  journal={Soviet Physics Uspekhi},
  volume={11},
  number={3},
  pages={381},
  year={1968},
  publisher={IOP Publishing}
}

@article{V2002,
   title={The cosmological constant problem and quintessence},
   volume={19},
   ISSN={0264-9381},
   url={http://dx.doi.org/10.1088/0264-9381/19/13/304},
   DOI={10.1088/0264-9381/19/13/304},
   number={13},
   journal={Classical and Quantum Gravity},
   publisher={IOP Publishing},
   author={Sahni, Varun},
   year={2002},
   month={Jun},
   pages={3435â€“3448}
}
@article{PQSym,
author = {Peccei, R.D. and Quinn, Helen},
year = {1977},
month = {06},
pages = {1440-1443},
title = {CP Conservation in the Presence of Pseudoparticles},
volume = {38},
journal = {Physical Review Letters - PHYS REV LETT},
doi = {10.1103/PhysRevLett.38.1440}
}
