@misc{craig2016unexplored,
      title={The unexplored landscape of two-body resonances}, 
      author={Nathaniel Craig and Patrick Draper and Kyoungchul Kong and Yvonne Ng and Daniel Whiteson},
      year={2016},
      eprint={1610.09392},
      archivePrefix={arXiv},
      primaryClass={hep-ph}
}
@misc{ArkaniHamed:2007fw,
      title={MARMOSET: The Path from LHC Data to the New Standard Model via On-Shell Effective Theories}, 
      author={Nima Arkani-Hamed and Bruce Knuteson and Stephen Mrenna and Philip Schuster and Jesse Thaler and Natalia Toro and Lian-Tao Wang},
      year={2007},
      eprint={hep-ph/0703088},
      archivePrefix={arXiv},
      primaryClass={hep-ph}
}

@article{BarShalom:2007pw,
   title={Models and phenomenology of maximal flavor violation},
   volume={77},
   ISSN={1550-2368},
   url={http://dx.doi.org/10.1103/PhysRevD.77.095011},
   DOI={10.1103/physrevd.77.095011},
   number={9},
   journal={Physical Review D},
   publisher={American Physical Society (APS)},
   author={Bar-Shalom, Shaouly and Rajaraman, Arvind},
   year={2008},
   month={May} }

@article{Giudice:2011ak,
   title={Flavourful production at hadron colliders},
   volume={2011},
   ISSN={1029-8479},
   url={http://dx.doi.org/10.1007/JHEP08(2011)055},
   DOI={10.1007/jhep08(2011)055},
   number={8},
   journal={Journal of High Energy Physics},
   publisher={Springer Science and Business Media LLC},
   author={Giudice, Gian Francesco and Gripaios, Ben and Sundrum, Raman},
   year={2011},
   month={Aug} }

@article{atlasdilepton8tev,
   title={Search for high-mass dilepton resonances in pp collisions at s=8 TeV with the ATLAS detector},
   volume={90},
   ISSN={1550-2368},
   url={http://dx.doi.org/10.1103/PhysRevD.90.052005},
   DOI={10.1103/physrevd.90.052005},
   number={5},
   journal={Physical Review D},
   publisher={American Physical Society (APS)},
   author={Aad, G. et. al.},
   year={2014},
   month={Sep} 
}

@article{atlassslep8tev,
   title={Search for anomalous production of prompt same-sign lepton pairs and pair-produced doubly charged Higgs bosons with s = 8 $ \sqrt{s}=8 $ TeV pp collisions using the ATLAS detector},
   volume={2015},
   ISSN={1029-8479},
   url={http://dx.doi.org/10.1007/JHEP03(2015)041},
   DOI={10.1007/jhep03(2015)041},
   number={3},
   journal={Journal of High Energy Physics},
   publisher={Springer Science and Business Media LLC},
   author={Aad, G. et. al.},
   year={2015},
   month={Mar} 
}

@article{Khachatryan:2016ovq,
   title={Search for lepton flavour violating decays of heavy resonances and quantum black holes to an $\mathrm {e}\mu $e $\mu$ pair in proton–proton collisions at $\sqrt{s}=8~\text {TeV} $s=8TeV},
   volume={76},
   ISSN={1434-6052},
   url={http://dx.doi.org/10.1140/epjc/s10052-016-4149-y},
   DOI={10.1140/epjc/s10052-016-4149-y},
   number={6},
   journal={The European Physical Journal C},
   publisher={Springer Science and Business Media LLC},
   author={Khachatryan, V. et al}, 
   year={2016},
   month={Jun} }

@article{Aad:2015pfa,
   title={Search for a Heavy Neutral Particle Decaying toe$\mu$,e$\tau$, or $\mu\tau$ in pp Collisions at s=8 TeVwith the ATLAS Detector},
   volume={115},
   ISSN={1079-7114},
   url={http://dx.doi.org/10.1103/PhysRevLett.115.031801},
   DOI={10.1103/physrevlett.115.031801},
   number={3},
   journal={Physical Review Letters},
   publisher={American Physical Society (APS)},
   author={Aad, G. et. al.},
   year={2015},
   month={Jul} 
}
@article{atlastautau8tev,
   title={A search for high-mass resonances decaying to $\tau+\tau-$ in pp collisions at $ \sqrt{s}=8 $ TeV with the ATLAS detector},
   volume={2015},
   ISSN={1029-8479},
   url={http://dx.doi.org/10.1007/JHEP07(2015)157},
   DOI={10.1007/jhep07(2015)157},
   number={7},
   journal={Journal of High Energy Physics},
   publisher={Springer Science and Business Media LLC},
   author={Aad, G. et. al.},
   year={2015},
   month={Jul} }

@article{Khachatryan:2015bsa,
   title={Search for third-generation scalar leptoquarks in the t$\tau$ channel in proton-proton collisions at $ \sqrt{s}=8 $TeV},
   volume={2015},
   ISSN={1029-8479},
   url={http://dx.doi.org/10.1007/JHEP07(2015)042},
   DOI={10.1007/jhep07(2015)042},
   number={7},
   journal={Journal of High Energy Physics},
   publisher={Springer Science and Business Media LLC},
   author={Khachatryan, V. et. al},
   year={2015},
   month={Jul} }

@article{atlasdiphoton8tev,
   title={Search for high-mass diphoton resonances inppcollisions ats=8 TeVwith the ATLAS detector},
   volume={92},
   ISSN={1550-2368},
   url={http://dx.doi.org/10.1103/PhysRevD.92.032004},
   DOI={10.1103/physrevd.92.032004},
   number={3},
   journal={Physical Review D},
   publisher={American Physical Society (APS)},
   author={Aad, G. et. al.}, 
   year={2015},
   month={Aug} }

@article{cmsphotonjet8tev,
   title={Search for excited quarks in the $\gamma$+jet final state in proton–proton collisions at s=8 TeV},
   volume={738},
   ISSN={0370-2693},
   url={http://dx.doi.org/10.1016/j.physletb.2014.09.048},
   DOI={10.1016/j.physletb.2014.09.048},
   journal={Physics Letters B},
   publisher={Elsevier BV},
   author={Khachatryan, V.},
   year={2014},
   month={Nov},
   pages={274–293} }

@article{atlasphotonjet8tev,
   title={Search for new phenomena in photon+jet events collected in proton–proton collisions at $\sqrt{s}$ = 13 with the ATLAS detector},
   volume={728},
   ISSN={0370-2693},
   url={http://dx.doi.org/10.1016/j.physletb.2013.12.029},
   DOI={10.1016/j.physletb.2013.12.029},
   journal={Physics Letters B},
   publisher={Elsevier BV},
   author={Aad, G. et. al. },
   year={2014},
   month={Jan},
   pages={562–578} 
}

@article{Aad:2015ywd,
   title={Search for new phenomena with photon+jet events in proton-proton collisions at s = 13 $ \sqrt{s}=13 $ TeV with the ATLAS detector},
   volume={2016},
   ISSN={1029-8479},
   url={http://dx.doi.org/10.1007/JHEP03(2016)041},
   DOI={10.1007/jhep03(2016)041},
   number={3},
   journal={Journal of High Energy Physics},
   publisher={Springer Science and Business Media LLC},
   author={Aad, G. et. al},
   year={2016},
   month={Mar} }

@article{Aad:2014fha,
   title={Search for new resonances in W$\gamma$ and Z$\gamma$ final states in pp collisions at s=8 TeV with the ATLAS detector},
   volume={738},
   ISSN={0370-2693},
   url={http://dx.doi.org/10.1016/j.physletb.2014.10.002},
   DOI={10.1016/j.physletb.2014.10.002},
   journal={Physics Letters B},
   publisher={Elsevier BV},
   author={Aad, G. et al}, 
   year={2014},
   month={Nov},
   pages={428–447} }

@article{atlasdijet8tev,
   title={Search for new phenomena in the dijet mass distribution usingppcollision data ats=8 TeVwith the ATLAS detector},
   volume={91},
   ISSN={1550-2368},
   url={http://dx.doi.org/10.1103/PhysRevD.91.052007},
   DOI={10.1103/physrevd.91.052007},
   number={5},
   journal={Physical Review D},
   publisher={American Physical Society (APS)},
   author={Aad, G. et. al}, 
   year={2015},
   month={Mar} }

@techreport{CMS-PAS-EXO-12-023,
      title         = "{Search for Heavy Resonances Decaying into bb and bg Final
                       States in pp Collisions at sqrt(s) =  8 TeV}",
      institution   = "CERN",
      collaboration = "CMS Collaboration",
      address       = "Geneva",
      reportNumber  = "CMS-PAS-EXO-12-023",
      year          = "2013",
      url           = "https://cds.cern.ch/record/1542405",
}

@article{Aad:2012em,
   title={Search for resonant top quark plus jet production intt¯+jetsevents with the ATLAS detector inppcollisions ats=7 TeV},
   volume={86},
   ISSN={1550-2368},
   url={http://dx.doi.org/10.1103/PhysRevD.86.091103},
   DOI={10.1103/physrevd.86.091103},
   number={9},
   journal={Physical Review D},
   publisher={American Physical Society (APS)},
   author={Aad, G. et. al.},
   year={2012},
   month={Nov} }

@article{Khachatryan:2014hpa,
   title={Search for massive resonances in dijet systems containing jets tagged as W or Z boson decays in pp collisions at $ \sqrt{s} $= 8 TeV},
   volume={2014},
   ISSN={1029-8479},
   url={http://dx.doi.org/10.1007/JHEP08(2014)173},
   DOI={10.1007/jhep08(2014)173},
   number={8},
   journal={Journal of High Energy Physics},
   publisher={Springer Science and Business Media LLC},
   author={Khachatryan, V. et. al.}, 
   year={2014},
   month={Aug} }

@article{Aad:2015typ,
   title={Search for charged Higgs bosons in the H ± → tb decay channel in pp collisions at s = 8 $ \sqrt{s}=8 $ TeV using the ATLAS detector},
   volume={2016},
   ISSN={1029-8479},
   url={http://dx.doi.org/10.1007/JHEP03(2016)127},
   DOI={10.1007/jhep03(2016)127},
   number={3},
   journal={Journal of High Energy Physics},
   publisher={Springer Science and Business Media LLC},
   author={Aad, G. et. al.},
   year={2016},
   month={Mar} }

@article{Aad:2015fna,
   title={A search for t t ¯ $ t\overline{t} $ resonances using lepton-plus-jets events in proton-proton collisions at s = 8 $ \sqrt{s}=8 $ TeV with the ATLAS detector},
   volume={2015},
   ISSN={1029-8479},
   url={http://dx.doi.org/10.1007/JHEP08(2015)148},
   DOI={10.1007/jhep08(2015)148},
   number={8},
   journal={Journal of High Energy Physics},
   publisher={Springer Science and Business Media LLC},
   author={Aad, G. et. al},
   year={2015},
   month={Aug} }

@article{Aad:2015voa,
   title={Search for the production of single vector-like and excited quarks in the Wt final state in pp collisions at s = 8 $ \sqrt{s}=8 $ TeV with the ATLAS detector},
   volume={2016},
   ISSN={1029-8479},
   url={http://dx.doi.org/10.1007/JHEP02(2016)110},
   DOI={10.1007/jhep02(2016)110},
   number={2},
   journal={Journal of High Energy Physics},
   publisher={Springer Science and Business Media LLC},
   author={Aad, G. et. al.},
   year={2016},
   month={Feb} }

@article{Aad:2015agg,
   title={Search for a high-mass Higgs boson decaying to a W boson pair in pp collisions at s = 8 $ \sqrt{s}=8 $ TeV with the ATLAS detector},
   volume={2016},
   ISSN={1029-8479},
   url={http://dx.doi.org/10.1007/JHEP01(2016)032},
   DOI={10.1007/jhep01(2016)032},
   number={1},
   journal={Journal of High Energy Physics},
   publisher={Springer Science and Business Media LLC},
   author={Aad, G. et. al.}, 
   year={2016},
   month={Jan} }

@article{Aad:2015owa,
   title={Search for high-mass diboson resonances with boson-tagged jets in proton-proton collisions at s = 8 $ \sqrt{s}=8 $ TeV with the ATLAS detector},
   volume={2015},
   ISSN={1029-8479},
   url={http://dx.doi.org/10.1007/JHEP12(2015)055},
   DOI={10.1007/jhep12(2015)055},
   number={12},
   journal={Journal of High Energy Physics},
   publisher={Springer Science and Business Media LLC},
   author={Aad, G. et. al}, 
   year={2015},
   month={Dec},
   pages={1–39} }

@article{Aad:2015ufa,
   title={Search for production of $WW/WZ$ W W / W Z resonances decaying to a lepton, neutrino and jets in $pp$ p p collisions at $\sqrt{s}=8$ s = 8  TeV with the ATLAS detector},
   volume={75},
   ISSN={1434-6052},
   url={http://dx.doi.org/10.1140/epjc/s10052-015-3425-6},
   DOI={10.1140/epjc/s10052-015-3425-6},
   number={5},
   journal={The European Physical Journal C},
   publisher={Springer Science and Business Media LLC},
   author={Aad, G. et. al.},
   year={2015},
   month={May} }

@article{Khachatryan:2014gha,
   title={Search for massive resonances decaying into pairs of boosted bosons in semi-leptonic final states at $ \sqrt{s} $ = 8 TeV},
   volume={2014},
   ISSN={1029-8479},
   url={http://dx.doi.org/10.1007/JHEP08(2014)174},
   DOI={10.1007/jhep08(2014)174},
   number={8},
   journal={Journal of High Energy Physics},
   publisher={Springer Science and Business Media LLC},
   author={Khachatryan, V. et. al.},
   year={2014},
   month={Aug} }

@article{Khachatryan:2014xja,
   title={Search for new resonances decaying via WZ to leptons in proton–proton collisions at s=8TeV},
   volume={740},
   ISSN={0370-2693},
   url={http://dx.doi.org/10.1016/j.physletb.2014.11.026},
   DOI={10.1016/j.physletb.2014.11.026},
   journal={Physics Letters B},
   publisher={Elsevier BV},
   author={Khachatryan, V. et. al.},
   year={2015},
   month={Jan},
   pages={83–104} }

@article{Aad:2015ipg,
   title={Combination of searches for WW, WZ, and ZZ resonances in pp collisions at s=8 TeV with the ATLAS detector},
   volume={755},
   ISSN={0370-2693},
   url={http://dx.doi.org/10.1016/j.physletb.2016.02.015},
   DOI={10.1016/j.physletb.2016.02.015},
   journal={Physics Letters B},
   publisher={Elsevier BV},
   author={Aad, G. et. al.},
   year={2016},
   month={Apr},
   pages={285–305} }
 
@article{Aad:2015yza,
   title={Search for a new resonance decaying to a W or Z boson and a Higgs boson in the }, 
       %$\ell \ell / \ell \nu / \nu \nu + b b- l l / l \nv / \nu \nu + b b-$ final states with the ATLAS detector},
   volume={75},
   ISSN={1434-6052},
   url={http://dx.doi.org/10.1140/epjc/s10052-015-3474-x},
   DOI={10.1140/epjc/s10052-015-3474-x},
   number={6},
   journal={The European Physical Journal C},
   publisher={Springer Science and Business Media LLC},
   author={Aad, G.},
   year={2015},
   month={Jun} }

@article{Khachatryan:2016yji,
   title={Search for massive WH resonances decaying into the },%
   volume={76},
   ISSN={1434-6052},
   url={http://dx.doi.org/10.1140/epjc/s10052-016-4067-z},
   DOI={10.1140/epjc/s10052-016-4067-z},
   number={5},
   journal={The European Physical Journal C},
   publisher={Springer Science and Business Media LLC},
   author={Khachatryan, V. et. al},
   year={2016},
   month={Apr} }

@article{Khachatryan:2015bma,
   title={Search for a massive resonance decaying into a Higgs boson and a W or Z boson in hadronic final states in proton-proton collisions at $ \sqrt{s}=8 $ TeV},
   volume={2016},
   ISSN={1029-8479},
   url={http://dx.doi.org/10.1007/JHEP02(2016)145},
   DOI={10.1007/jhep02(2016)145},
   number={2},
   journal={Journal of High Energy Physics},
   publisher={Springer Science and Business Media LLC},
   author={Khachatryan, V. et. al.},
   year={2016},
   month={Feb} }

@article{Aad:2015kna,
   title={Search for an additional, heavy Higgs boson in the $H\rightarrow ZZ$ H → Z Z decay channel at $\sqrt{s} = 8\;\text{ TeV }$ s = 8 TeV in p p collision data with the ATLAS detector},
   volume={76},
   ISSN={1434-6052},
   url={http://dx.doi.org/10.1140/epjc/s10052-015-3820-z},
   DOI={10.1140/epjc/s10052-015-3820-z},
   number={1},
   journal={The European Physical Journal C},
   publisher={Springer Science and Business Media LLC},
   author={Aad, G. et. al},
   year={2016},
   month={Jan} }

@article{Khachatryan:2015lba,
   title={Search for a pseudoscalar boson decaying into a Z boson and the 125 GeV Higgs boson in l+l-bb- final states},
   volume={748},
   ISSN={0370-2693},
   url={http://dx.doi.org/10.1016/j.physletb.2015.07.010},
   DOI={10.1016/j.physletb.2015.07.010},
   journal={Physics Letters B},
   publisher={Elsevier BV},
   author={Khachatryan, V. et. al},
   year={2015},
   month={Sep},
   pages={221–243} } 

@article{Khachatryan:2015ywa,
   title={Search for narrow high-mass resonances in proton–proton collisions at s=8 TeV decaying to a Z and a Higgs boson},
   volume={748},
   ISSN={0370-2693},
   url={http://dx.doi.org/10.1016/j.physletb.2015.07.011},
   DOI={10.1016/j.physletb.2015.07.011},
   journal={Physics Letters B},
   publisher={Elsevier BV},
   author={Khachatryan, V. et. al.},
   year={2015},
   month={Sep},
   pages={255–277} }

@article{Aad:2015xja,
   title={Searches for Higgs boson pair production in the hh$\rightarrow$ bb$\tau\tau$,$\gamma\gamma$WW*,$\gamma\gamma$bb, bbbb channels with the ATLAS detector},
   volume={92},
   ISSN={1550-2368},
   url={http://dx.doi.org/10.1103/PhysRevD.92.092004},
   DOI={10.1103/physrevd.92.092004},
   number={9},
   journal={Physical Review D},
   publisher={American Physical Society (APS)},
   author={Aad, G. et. al},
   year={2015},
   month={Nov} }

@article{Khachatryan:2015yea,
   title={Search for resonant pair production of Higgs bosons decaying to two bottom quark–antiquark pairs in proton–proton collisions at 8 TeV},
   volume={749},
   ISSN={0370-2693},
   url={http://dx.doi.org/10.1016/j.physletb.2015.08.047},
   DOI={10.1016/j.physletb.2015.08.047},
   journal={Physics Letters B},
   publisher={Elsevier BV},
   author={Khachatryan, V. et. al},
  year={2015},
   month={Oct},
   pages={560–582} }

@techreport{CMS-PAS-EXO-15-008,
      title         = "{Search for resonant pair production of Higgs bosons
                       decaying to $b\bar{b}$ and $\tau^+\tau^-$ in proton-proton
                       collisions at $\sqrt{s} = 8$ TeV}",
      institution   = "CERN",
      collaboration = "CMS Collaboration",
      address       = "Geneva",
      reportNumber  = "CMS-PAS-EXO-15-008",
      year          = "2015",
      url           = "https://cds.cern.ch/record/2125293",
}

@article{Khachatryan:2016cfa,
   title={Search for heavy resonances decaying to two Higgs bosons in final states containing four b quarks},
   volume={76},
   ISSN={1434-6052},
   url={http://dx.doi.org/10.1140/epjc/s10052-016-4206-6},
   DOI={10.1140/epjc/s10052-016-4206-6},
   number={7},
   journal={The European Physical Journal C},
   publisher={Springer Science and Business Media LLC},
   author={Khachatryan, V. et. al},
   year={2016},
   month={Jul} }

@misc{KCKong, journal={Non-standard resonance- searches at the LHC}, publisher={https://indico.cern.ch/event/466926/contributions/2263179/attachments/1318546/1976569/KCKong.pdf}, author={Kong, K. C.}, year={2016}, month={Aug}} 
